% FASTA
@article{lipman1985rapid,
  title={Rapid and sensitive protein similarity searches},
  author={Lipman, David J and Pearson, William R},
  journal={Science},
  volume={227},
  number={4693},
  pages={1435--1441},
  year={1985},
  publisher={American Association for the Advancement of Science}
}

% BLAST
@article{altschul1990basic,
  title={Basic local alignment search tool},
  author={Altschul, Stephen F and Gish, Warren and Miller, Webb and Myers, Eugene W and Lipman, David J},
  journal={Journal of molecular biology},
  volume={215},
  number={3},
  pages={403--410},
  year={1990},
  publisher={Elsevier}
}

@article{federhen2012ncbi,
  title={The NCBI taxonomy database},
  author={Federhen, Scott},
  journal={Nucleic acids research},
  volume={40},
  number={D1},
  pages={D136--D143},
  year={2012},
  publisher={Oxford University Press}
}

@article{wheeler2007database,
  title={Database resources of the national center for biotechnology information},
  author={Wheeler, David L and Barrett, Tanya and Benson, Dennis A and Bryant, Stephen H and Canese, Kathi and Chetvernin, Vyacheslav and Church, Deanna M and DiCuccio, Michael and Edgar, Ron and Federhen, Scott and others},
  journal={Nucleic acids research},
  volume={36},
  number={suppl\_1},
  pages={D13--D21},
  year={2007},
  publisher={Oxford University Press}
}

@book{darwin1964origin,
  title={On the origin of species},
  author={Darwin, Charles},
  year={1859}
}
